<record><leader>00000cas a2200000 a 4500</leader><controlfield tag="001">14907092</controlfield><controlfield tag="008">861201d187618uumiuwr ne      0    0eng c</controlfield><datafield ind1=" " ind2=" " tag="010"><subfield code="a">sn 86053937 </subfield></datafield><datafield ind1=" " ind2=" " tag="040"><subfield code="a">NPX</subfield><subfield code="b">eng</subfield><subfield code="c">NPX</subfield><subfield code="d">NVF</subfield><subfield code="d">MHN</subfield><subfield code="d">OCL</subfield><subfield code="d">MHN</subfield><subfield code="d">OCLCQ</subfield><subfield code="d">OCLCF</subfield><subfield code="d">OCLCO</subfield></datafield><datafield ind1=" " ind2=" " tag="042"><subfield code="a">pcc</subfield></datafield><datafield ind1=" " ind2=" " tag="043"><subfield code="a">n-us-mi</subfield></datafield><datafield ind1="0" ind2="0" tag="245"><subfield code="a">Kalamazoo weekly gazette.</subfield></datafield><datafield ind1="3" ind2="0" tag="246"><subfield code="a">Kalamazoo gazette</subfield></datafield><datafield ind1="1" ind2="3" tag="246"><subfield code="a">Weekly gazette</subfield></datafield><datafield ind1=" " ind2=" " tag="260"><subfield code="a">Kalamazoo, Mich. :</subfield><subfield code="b">Gazette Pub. Co.</subfield></datafield><datafield ind1=" " ind2=" " tag="300"><subfield code="a">v.</subfield></datafield><datafield ind1=" " ind2=" " tag="310"><subfield code="a">Weekly</subfield></datafield><datafield ind1="0" ind2=" " tag="362"><subfield code="a">Vol. 43, no. 1 (Mar. 31, 1876) = whole no. 2185-</subfield></datafield><datafield ind1=" " ind2=" " tag="500"><subfield code="a">"Weekly" appears above title ornament.</subfield></datafield><datafield ind1=" " ind2=" " tag="580"><subfield code="a">Daily ed: Daily gazette (Kalamazoo, Mich. : 1872), then: Kalamazoo gazette (Kalamazoo, Mich. : 1877), then: Daily gazette (Kalamazoo, Mich. : 1878).</subfield></datafield><datafield ind1=" " ind2="0" tag="651"><subfield code="a">Kalamazoo (Mich.)</subfield><subfield code="v">Newspapers.</subfield></datafield><datafield ind1=" " ind2="0" tag="651"><subfield code="a">Kalamazoo County (Mich.)</subfield><subfield code="v">Newspapers.</subfield></datafield><datafield ind1=" " ind2="7" tag="655"><subfield code="a">Newspapers.</subfield><subfield code="2">fast</subfield><subfield code="0">(OCoLC)fst01423814</subfield></datafield><datafield ind1=" " ind2="7" tag="651"><subfield code="a">Michigan</subfield><subfield code="z">Kalamazoo.</subfield><subfield code="2">fast</subfield><subfield code="0">(OCoLC)fst01204469</subfield></datafield><datafield ind1=" " ind2="7" tag="651"><subfield code="a">Michigan</subfield><subfield code="z">Kalamazoo County.</subfield><subfield code="2">fast</subfield><subfield code="0">(OCoLC)fst01204722</subfield></datafield><datafield ind1=" " ind2=" " tag="752"><subfield code="a">United States</subfield><subfield code="b">Michigan</subfield><subfield code="c">Kalamazoo</subfield><subfield code="d">Kalamazoo.</subfield></datafield><datafield ind1="1" ind2=" " tag="775"><subfield code="t">Daily gazette (Kalamazoo, Mich. : 1872)</subfield><subfield code="w">(DLC)sn 86053935</subfield><subfield code="w">(OCoLC)14907066</subfield></datafield><datafield ind1="1" ind2=" " tag="775"><subfield code="t">Kalamazoo gazette (Kalamazoo, Mich. : 1877)</subfield><subfield code="w">(DLC)sn 96077096</subfield><subfield code="w">(OCoLC)35669327</subfield></datafield><datafield ind1="1" ind2=" " tag="775"><subfield code="t">Daily gazette (Kalamazoo, Mich. : 1878)</subfield><subfield code="w">(DLC)sn 96077098</subfield><subfield code="w">(OCoLC)35668293</subfield></datafield><datafield ind1="0" ind2="0" tag="780"><subfield code="t">Kalamazoo gazette (Kalamazoo, Mich. : 1837)</subfield><subfield code="w">(DLC)sn 83016614</subfield><subfield code="w">(OCoLC)9940325</subfield></datafield><datafield ind1="0" ind2="0" tag="785"><subfield code="t">Kalamazoo gazette (Kalamazoo, Mich. : 1880)</subfield><subfield code="w">(DLC)sn 96077096</subfield><subfield code="w">(OCoLC)35659727</subfield></datafield></record>